@INPROCEEDINGS{alex_nips12,
 author = {A. Krizhevsky and I. Sutskever and  G.E. Hinton},
 title = {ImageNet Classification with Deep Convolutional Neural Networks},
 booktitle = {Advances in Neural Information Processing Systems 25(NIPS'12)},
 pages = {1097--1105},
 year = {2012}
}

@article{caffe,
 author    = {Y. Jia and
               E. Shelhamer and
               J. Donahue and
               S. Karayev and
               J. Long and
               R. B. Girshick and
               S. Guadarrama and
               T. Darrell},
 title     = {Caffe: Convolutional Architecture for Fast Feature Embedding},
 journal   = {CoRR},
 volume    = {abs/1408.5093},
 year      = {2014},
 url       = {http://arxiv.org/abs/1408.5093},
}

